@book{tao2014analysis,
	author = {Terence Tao},
	title = {Analysis},
	date = {2014},
	volume = {I},	
	edition = {Third edition},
	publisher = {Hindustan Book Agency},
	isbn = {81-85931-62-3},
	pagetotal = {368},
	printtype = {Hardcover},
}
